<?xml version="1.0" encoding="UTF-8"?><collection xmlns="http://www.loc.gov/MARC21/slim"><record><leader>00435nam--2200133-i-4500</leader><controlfield tag="001">000038034</controlfield><controlfield tag="002">20161230</controlfield><controlfield tag="005">20161230201041</controlfield><controlfield tag="008">060222s1000------------r-----000-0-eng-d</controlfield><datafield ind1=" " ind2=" " tag="080"><subfield code="a">621.039.534(043)</subfield></datafield><datafield ind1=" " ind2=" " tag="100"><subfield code="a">Raymond, Patrick</subfield></datafield><datafield ind1=" " ind2=" " tag="245"><subfield code="a">Modelisation thermohydraulic des ecoulements et des echanges de chaleur au cours du renoiage d`un coeur de reacteur a eau pressuresee. these</subfield></datafield><datafield ind1=" " ind2=" " tag="260"><subfield code="a">Paris, Univ., 1977, 148p</subfield></datafield><datafield ind1=" " ind2=" " tag="852"><subfield code="a">46396</subfield></datafield></record></collection>